<?xml version="1.0" encoding="UTF-8"?><collection><record><leader>09186ntm a2200613 a 4500</leader><controlfield tag="001">006816030</controlfield><controlfield tag="003">MiAaHDL</controlfield><controlfield tag="005">20190719000000.0</controlfield><controlfield tag="006">m        d        </controlfield><controlfield tag="007">cr bn ---auaua</controlfield><controlfield tag="008">090611s1789    xx            00| ||per d</controlfield><datafield tag="035" ind1=" " ind2=" "><subfield code="a">(MiU)006816030</subfield></datafield><datafield tag="035" ind1=" " ind2=" "><subfield code="a">sdr-miu006816030</subfield></datafield><datafield tag="040" ind1=" " ind2=" "><subfield code="a">MiU</subfield><subfield code="c">MiU</subfield><subfield code="e">amremm</subfield></datafield><datafield tag="043" ind1=" " ind2=" "><subfield code="a">n-us-mi</subfield></datafield><datafield tag="100" ind1="1" ind2=" "><subfield code="6">880-01</subfield><subfield code="a">Muḥtasham, ʻAlī ibn Aḥmad,</subfield><subfield code="d">1499 or 1500-1587 or 1588.</subfield></datafield><datafield tag="245" ind1="1" ind2="0"><subfield code="6">880-03</subfield><subfield code="a">Dīvān-i Muḥtasham,</subfield><subfield code="f">[1203, i.e. 1789].</subfield></datafield><datafield tag="246" ind1="3" ind2=" "><subfield code="i">Edge title (fore edge):</subfield><subfield code="a">ديوان محتشم</subfield></datafield><datafield tag="260" ind1=" " ind2=" "><subfield code="c">[1789].</subfield></datafield><datafield tag="300" ind1=" " ind2=" "><subfield code="a">340 leaves :</subfield><subfield code="b">paper ;</subfield><subfield code="c">308 x 205 (200 x 75) mm.</subfield></datafield><datafield tag="500" ind1=" " ind2=" "><subfield code="a">Shelfmark: Ann Arbor, University of Michigan, Special Collections Library, Isl. Ms. 337</subfield></datafield><datafield tag="500" ind1=" " ind2=" "><subfield code="a">Origin: As appears in closing matter (colophon including patronage statement) on pp.676-7, executed for Fatḥ ʻAlī Shāh Qājār (1769-1834, r.1797-1834) ("ḥasaba al-amr amīr bī-naẓīr... Fatḥ ʻAlī Khān, al-shahīr bi-Bābā Khān, Qājār Quvānlū ... sawwadahu wa-nammaqahu..."), apparently before his ascension to the throne, by Ibn Muḥammad Taqī al-Sāravī Muḥammad (author of Tārīkh-i Muḥammadī, still living in 1802) with transcription completed 23 Jumādá I 1203 [ca. 19 February 1789]. Statement dated Rabīʻ I 1232 [January-February 1817] on 'title page' (p.3) names the copyist and indicates that the manuscript was presented to the Imperial Library.</subfield></datafield><datafield tag="500" ind1=" " ind2=" "><subfield code="a">Former shelfmark: "432 T. De M. [i.e. Tammaro De Marinis]" and "١۷" inscribed in pencil on opening leaf (p.1, serves as flyleaf) ; possible inventory inscription on fore edge of text block.</subfield></datafield><datafield tag="500" ind1=" " ind2=" "><subfield code="a">Binding: Heavy pasteboards covered in painted lacquerwork with spine in dark gray leather ; Type III binding (without flap), two-piece binding (overlapping flanges visible at spine) ; upper and lower doublures in fine painted lacquerwork of a central medallion evoking a four-petalled flower and pendants of vegetal design in gold on a red ground, framed in gold ; upper and lower covers bear paintings of nearly identical composition with entire panel virtually filled with swirling vines in yellow / gold, leaves of green and grapes of dark red on a pale orange ground, surrounded by vegetal borders in gold on dark red and green grounds ; sewn in red thread, two stations ; worked chevron endbands in red, cream and [?] (now gray), good condition ; overall in fair condition with some abrasion and losses to lacquerwork and pasteboard, etc. ; housed in box for protection.</subfield></datafield><datafield tag="500" ind1=" " ind2=" "><subfield code="a">Support: European laid paper of several types ; opening type with 13 laid lines per cm. (horizontal), chain lines spaced 19-22 mm. apart (vertical) and watermarks of "FC" under scalloped crown (see p.8, etc.) and shield with lion rampant, "F" below and scalloped crown above (see p.10, 14, 16, etc.) ; next type with 11-13 laid lines per cm. (horizontal), chain lines spaced 22 mm. apart (vertical), and watermarks of smiling lion passant guardant with "F" below (see p.12, 20, 22, etc.) and "FC" only (see p.26, 28, etc.) ; next (and majority) type with 11 laid lines per cm. (horizontal), chain lines spaced 19-21 mm. apart (vertical), and watermarks of "FL" under scalloped crown (see p.98, 120, 360, 680, etc.) and three hats (see p.100, 154, 184, 340, 488, etc.) ; all highly sized and burnished, thin and crisp though quite sturdy.</subfield></datafield><datafield tag="500" ind1=" " ind2=" "><subfield code="a">Decoration: Splendid illuminated headpiece (ʻunwān / sarlawḥ) at opening on p.4 consisting of rectangular panel with empty gold cartouche flanked by floral motifs and swirling vegetal design in gold, red, blue, and white on fields of blue and red, surmounted by scalloped w-shaped piece filled with swirling vegetal design and floral motifs in green, lavender, orange, red, pink, and yellow on a blue and gold ground with outline and accents in white and black, all set in a well of blue with white accents ; rich illuminated marginal decoration (including inner margin) on incipit and facing page (pp.4-5) consisting of elaborate swirling floral vegetal design in green, orange, yellow, pink, lavender, and light blue on a gold ground, on incipit page (p.4) surrounding a domed medallion in gold carrying the name of Fatḥ ʻAlī Shāh Qājār ("السلطان فتحعلي شاه قاجار"), possibly added later upon his ascent to throne ; additional exquisite double illuminations at openings on pp.342-343 and 344-345, including headpieces and marginal decoration (on pp.344-345, marginal decoration includes birds in pink, blue and orange) ; written area of incipit and facing page surrounded by frame of red with gold accents, gold cloud-bands setting off the text, and vertical bands of blue and red arabesque framing the columns ; written area elsewhere surrounded by frame of gold bands defined by black fillets (columns and divisions within written area also defined by gold bands and black fillets) ; keywords and section heading rubricated ; occasional textual dividers in the form of three or four red discs.</subfield></datafield><datafield tag="500" ind1=" " ind2=" "><subfield code="a">Script: Shikastah (shikastah-nastaʻlīq / شكسته نستعليق ) ; elegant Persian hand ; serifless, with effect of words descending to baseline, closed counters, and elongated horizontal strokes.</subfield></datafield><datafield tag="500" ind1=" " ind2=" "><subfield code="a">Layout: Written in roughly 19 lines per page, with written area mainly divided to two columns ; frame-ruled.</subfield></datafield><datafield tag="500" ind1=" " ind2=" "><subfield code="a">Collation: IV (8), 34 IV(280), V+3 (293), 2 III(305), III+1 (312), 3 IV(336), II (340) ; Chiefly quaternions ; pagination in pencil, Western numerals, supplied during digitization (includes front flyleaf).</subfield></datafield><datafield tag="500" ind1=" " ind2=" "><subfield code="a">Colophon: "Scribal," including patronage statement, in Persian and Arabic, reads "حسب الامر امیر بی نظیر زیبنده تاج و سریر ... فتحعلی خان الشهیر ببابا خان قاجار قوانلو خلد الله سلطانته باتمام این کلیات واختتام این ابیات معجز آیات پرداخت ... سوده ونمقه العبد المحتاج الى الله الصمد ابن محمد تقى الساروى محمد في يوم الاربعا ثالث عشرون شهر جميدى الاول من شهور سنه ۱۲۰۳"</subfield></datafield><datafield tag="500" ind1=" " ind2=" "><subfield code="a">Explicit: "اگر که گاه بودی محتشم را نکته آموزی"</subfield></datafield><datafield tag="500" ind1=" " ind2=" "><subfield code="a">Incipit: "نفیر مرغ سحر خوان چو شد بلند صدا پرید زاغ شب از روی بیضه بیضا ..."</subfield></datafield><datafield tag="500" ind1=" " ind2=" "><subfield code="a">Title from statement on 'title page' (p.3).</subfield></datafield><datafield tag="500" ind1=" " ind2=" "><subfield code="a">Ms. codex.</subfield></datafield><datafield tag="510" ind1="4" ind2=" "><subfield code="a">Lambton, A.K.S. "Fatḥ-ʻalī Shāh." EI2,</subfield><subfield code="c">Vol. II, p. 838, col. 2</subfield></datafield><datafield tag="510" ind1="4" ind2=" "><subfield code="a">Abbas Amanat. "FATḤ-ʻALĪ SHAH QĀJĀR," Encyclopædia Iranica,</subfield><subfield code="c">Vol. IX, Fasc. 4, pp. 407-421</subfield></datafield><datafield tag="510" ind1="4" ind2=" "><subfield code="a">Cat. Pers. MSS. Brit. Mus.,</subfield><subfield code="c">p.199</subfield></datafield><datafield tag="510" ind1="4" ind2=" "><subfield code="a">Cat. Pers. MSS. Brit. Mus.,</subfield><subfield code="c">p.665</subfield></datafield><datafield tag="520" ind1="8" ind2=" "><subfield code="a">Splendid copy of the Dīvān of Muḥtasham-i Kāshānī (d.1587 or 9) executed by Muḥammad ibn Muḥammad Taqī Sāravī for Fatḥ ʻAlī Shāh Qājār (1769-1834, r.1797-1834) before his accession to the throne.</subfield></datafield><datafield tag="538" ind1=" " ind2=" "><subfield code="a">Mode of access: Internet.</subfield></datafield><datafield tag="541" ind1=" " ind2=" "><subfield code="c">Purchase ;</subfield><subfield code="a">Acquired by purchase (funds donated by Horace Rackham).</subfield><subfield code="d">1924.</subfield></datafield><datafield tag="546" ind1=" " ind2=" "><subfield code="a">Persian.</subfield></datafield><datafield tag="561" ind1=" " ind2=" "><subfield code="a">Inscriptions in pencil on recto of opening leaf (p.1, serving as front flyleaf) "432 T. De M. [i.e. Tammaro De Marinis]" and "١۷" along with inventory mark "محتشم" ; on 'title page' (p.3), statement dated Rabīʻ I 1232 [January-February 1817] (accompanied by rectangular seal impression "... عبده عبد الوهاب الموسوى") names the copyist and indicates that the manuscript was presented to the Imperial Library, statement reads "دیوان محتشم بخط مرحوم ملا محمد ساروی بتاریخ شهر ربیع الاول سنه ۱۲۳۲ از عرض کتابخانۀ مبارکۀ شاهنشاهی روحی و روح العالمین ..." ; medallion (possibly added later than date of transcription) in the name of Fatḥ ʻAlī Shāh Qājār in the outer margin of the incipit page (p.4), reads "السلطان فتحعلی شاه قاجار" ; as appears in closing matter, executed for Fatḥ ʻAlī Shāh Qājār (1769-1834, r.1797-1834) ; fairly clean copy with rare correction (see p.304, 323, etc.).</subfield></datafield><datafield tag="650" ind1=" " ind2="0"><subfield code="a">Manuscripts, Persian</subfield><subfield code="z">Michigan</subfield><subfield code="z">Ann Arbor.</subfield></datafield><datafield tag="650" ind1=" " ind2="0"><subfield code="a">Persian poetry</subfield><subfield code="y">1500-1796.</subfield></datafield><datafield tag="655" ind1=" " ind2="7"><subfield code="a">Headpieces (layout features)</subfield><subfield code="y">18th century.</subfield><subfield code="2">aat</subfield></datafield><datafield tag="700" ind1="0" ind2=" "><subfield code="a">Abdülhamid</subfield><subfield code="b">II,</subfield><subfield code="c">Sultan of the Turks,</subfield><subfield code="d">1842-1918,</subfield><subfield code="e">former owner.</subfield></datafield><datafield tag="700" ind1="1" ind2=" "><subfield code="6">880-07</subfield><subfield code="a">Qājār, Fatḥ ʻAlī Shāh,</subfield><subfield code="c">Shah of Iran,</subfield><subfield code="d">-1834.</subfield><subfield code="e">former owner,</subfield><subfield code="e">patron.</subfield></datafield><datafield tag="700" ind1="1" ind2=" "><subfield code="6">880-05</subfield><subfield code="a">Sāravī, Muḥammad Fatḥ Allāh ibn Muḥammad Taqī,</subfield><subfield code="e">scribe.</subfield></datafield><datafield tag="773" ind1="0" ind2=" "><subfield code="a">Abdul Hamid Collection.</subfield></datafield><datafield tag="880" ind1="1" ind2=" "><subfield code="6">700-07/</subfield><subfield code="a">قاجار، فتح على شاه،</subfield><subfield code="c">شاه ايران,</subfield><subfield code="e">مالك سابق,</subfield><subfield code="e">راع.</subfield></datafield><datafield tag="880" ind1="1" ind2=" "><subfield code="6">700-05/</subfield><subfield code="a">ساروى، محمد فتح الله ابن محمد تقى,</subfield><subfield code="e">ناسخ.</subfield></datafield><datafield tag="880" ind1="1" ind2="0"><subfield code="6">245-03/</subfield><subfield code="a">دیوان محتشم,</subfield><subfield code="f">[1203ه, 1789م].</subfield></datafield><datafield tag="880" ind1="1" ind2=" "><subfield code="6">100-01/</subfield><subfield code="a">محتشم, على ابن احمد.</subfield></datafield><datafield tag="CID" ind1=" " ind2=" "><subfield code="a">006816030</subfield></datafield><datafield tag="DAT" ind1="0" ind2=" "><subfield code="a">20190719102639.0</subfield><subfield code="b">20190719000000.0</subfield></datafield><datafield tag="DAT" ind1="1" ind2=" "><subfield code="a">20190719090653.0</subfield><subfield code="b">2019-07-19T16:11:59Z</subfield></datafield><datafield tag="DAT" ind1="2" ind2=" "><subfield code="a">2015-10-02T18:00:03Z</subfield></datafield><datafield tag="CAT" ind1=" " ind2=" "><subfield code="a">SDR-MIU</subfield><subfield code="d">EX LIBRIS - ALEPH</subfield><subfield code="l">prepare.pl-004-008</subfield></datafield><datafield tag="FMT" ind1=" " ind2=" "><subfield code="a">BK</subfield></datafield><datafield tag="HOL" ind1=" " ind2=" "><subfield code="0">sdr-miu006816030</subfield><subfield code="a">MiU</subfield><subfield code="b">SDR</subfield><subfield code="c">MIU</subfield><subfield code="p">mdp.39015079129576</subfield><subfield code="s">MIU</subfield><subfield code="1">006816030</subfield></datafield><datafield tag="974" ind1=" " ind2=" "><subfield code="b">MIU</subfield><subfield code="c">MIU</subfield><subfield code="d">20190719</subfield><subfield code="s">lit-dlps-dc</subfield><subfield code="u">mdp.39015079129576</subfield><subfield code="y">1789</subfield><subfield code="r">pd</subfield><subfield code="q">bib</subfield><subfield code="t">non-US bib date1 &lt; 1879</subfield></datafield></record></collection>